bibliographie du rapport de stage

@misc {usb_pd_nego,
author={Vasudevan, Gayathri},
title={USB Type-C and power delivery 101 â€“ Power delivery protocol},
month={may},
year={2009},
note={\url{https://www.embedded.com/design/power-optimization/4458400/USB-Type-C-and-power-delivery-101-----Power-delivery-protocol}}
}

